<?xml version="1.0" encoding="UTF-8" ?>
<record Numero="14810432" format="InterXMarc_Complet" type="Authority">
<leader>01016c1 au22000272  45  <Pos Code="0004">01016</Pos>
<Pos Code="05" Sens="notice modifiée">c</Pos>
<Pos Code="06" Sens="notice validée en catalogage courant">1</Pos>
<Pos Code="08" Sens="notice d&apos;autorité">a</Pos>
<Pos Code="09" Sens="titre uniforme musical (TUM)">u</Pos>
<Pos Code="10">2</Pos>
<Pos Code="11">2</Pos>
<Pos Code="1216">00027</Pos>
<Pos Code="17" Sens="autres cas">2</Pos>
<Pos Code="20">4</Pos>
<Pos Code="21">5</Pos>
</leader>
<controlfield tag="001">FRBNF14810432X<Pos Code="0001">FR</Pos>
<Pos Code="0204">BNF</Pos>
<Pos Code="0512">14810432</Pos>
<Pos Code="13">X</Pos>
</controlfield>
<controlfield tag="008">991129130712yy    qua       182508    182609                 010 <Pos Code="0001">99</Pos>
<Pos Code="0203">11</Pos>
<Pos Code="0405">29</Pos>
<Pos Code="0607">13</Pos>
<Pos Code="0809">07</Pos>
<Pos Code="1011">12</Pos>
<Pos Code="1213" Sens="ne s&apos;applique pas">yy</Pos>
<Pos Code="1820" Sens="quatuor instrumental">qua</Pos>
<Pos Code="2831">1825</Pos>
<Pos Code="3233">08</Pos>
<Pos Code="3841">1826</Pos>
<Pos Code="4243">09</Pos>
<Pos Code="61" Sens="La vedette peut être liée à une notice bibliographique pour les accès signalétiques et/ou pour l&apos;accès matière RAMEAU">0</Pos>
<Pos Code="62" Sens="La vedette ne peut s&apos;employer qu&apos;en tête de vedette">1</Pos>
<Pos Code="63" Sens="La vedette n&apos;admet pas de subdivision géographique">0</Pos>
</controlfield>
<datafield tag="048" ind1=" " ind2=" ">
	<subfield code="a">sa02<Pos Code="0001" Sens="cordes frottées - violon">sa</Pos>
<Pos Code="02">0</Pos>
<Pos Code="03">2</Pos>
</subfield>
	<subfield code="a">sb01<Pos Code="0001" Sens="cordes frottées - alto">sb</Pos>
<Pos Code="02">0</Pos>
<Pos Code="03">1</Pos>
</subfield>
	<subfield code="a">sc01<Pos Code="0001" Sens="cordes frottées - violoncelle">sc</Pos>
<Pos Code="02">0</Pos>
<Pos Code="03">1</Pos>
</subfield>
</datafield>
<datafield tag="100" ind1=" " ind2=" ">
	<subfield code="3">13891295</subfield>
	<subfield code="w">.0..b.....</subfield>
	<subfield code="a">Beethoven</subfield>
	<subfield code="m">Ludwig van</subfield>
	<subfield code="d">1770-1827</subfield>
</datafield>
<datafield tag="144" ind1="1" ind2=" ">
	<subfield code="w">....b.fre.</subfield>
	<subfield code="a">Quatuors</subfield>
	<subfield code="b">Cordes</subfield>
	<subfield code="p">Op. 130</subfield>
	<subfield code="t">Si bémol majeur</subfield>
</datafield>
<datafield tag="301" ind1=" " ind2=" ">
	<subfield code="r">Arrangé par</subfield>
	<subfield code="3">16185869</subfield>
	<subfield code="a">Tausig</subfield>
	<subfield code="m">Carl</subfield>
	<subfield code="d">1841-1871</subfield>
	<subfield code="t">[Transcriptions. Beethoven, Ludwig van. Quatuors. Cordes. Op. 130. Si bémol majeur. Cavatine. Piano]</subfield>
</datafield>
<datafield tag="301" ind1=" " ind2=" ">
	<subfield code="3">13908159</subfield>
	<subfield code="a">Beethoven</subfield>
	<subfield code="m">Ludwig van</subfield>
	<subfield code="d">1770-1827</subfield>
	<subfield code="t">[Grosse Fuge. Op. 133]</subfield>
</datafield>
<datafield tag="444" ind1="1" ind2=" ">
	<subfield code="w">....b.fre.</subfield>
	<subfield code="a">Quatuors</subfield>
	<subfield code="b">Cordes</subfield>
	<subfield code="n">No 13</subfield>
	<subfield code="t">Si bémol majeur</subfield>
</datafield>
<datafield tag="502" ind1=" " ind2=" ">
	<subfield code="3">13908168</subfield>
	<subfield code="a">Beethoven</subfield>
	<subfield code="m">Ludwig van</subfield>
	<subfield code="d">1770-1827</subfield>
	<subfield code="t">[Quatuors]</subfield>
</datafield>
<datafield tag="600" ind1=" " ind2=" ">
	<subfield code="a">Dédicace au prince Nikolaus von Galitzin (Nikolaj Golicyn)</subfield>
	<subfield code="a">Date de composition : août 1825 - septembre 1826</subfield>
	<subfield code="a">1re éd. : Vienne : Artaria, 1827</subfield>
</datafield>
<datafield tag="600" ind1=" " ind2=" ">
	<subfield code="a">La &quot;Grosse Fuge&quot;, composée comme final de ce quatuor, a été remplacée par un allegro et publiée séparément</subfield>
</datafield>
<datafield tag="610" ind1=" " ind2=" ">
	<subfield code="a">Kinsky</subfield>
</datafield>
<datafield tag="624" ind1=" " ind2=" ">
	<subfield code="a">780<Pos Code="0002" Sens="Musique">780</Pos>
</subfield>
</datafield>
<datafield tag="917" ind1=" " ind2=" ">
	<subfield code="o">OPD</subfield>
	<subfield code="a">100346320</subfield>
	<subfield code="b">ATUM</subfield>
</datafield>
<datafield tag="917" ind1=" " ind2=" ">
	<subfield code="o">OPC</subfield>
	<subfield code="a">100365700</subfield>
</datafield>
<datafield tag="996" ind1=" " ind2=" ">
	<subfield code="o">OPP</subfield>
	<subfield code="a">13908156</subfield>
	<subfield code="d">20071017</subfield>
</datafield>
<datafield tag="996" ind1=" " ind2=" ">
	<subfield code="o">OPP</subfield>
	<subfield code="a">16305376</subfield>
	<subfield code="d">20130712</subfield>
</datafield>
<Alter Ori="13891295">
<datafield tag="400" ind1=" " ind2=" ">
	<subfield code="w">....b.....</subfield>
	<subfield code="a">Beethoven</subfield>
	<subfield code="m">Ludwig von</subfield>
	<subfield code="d">1770-1827</subfield>
</datafield>
</Alter>
<Attr Nom="IDPerenne">ark:/12148/cb148104321</Attr>
<Attr Nom="NumSource">OPD 100346320</Attr>
<Attr Nom="Source" Sens="BnF catalogue général (depuis 1999)">A</Attr>
<Attr Nom="NumAutoriteLiee">13891295161858691390815913908168</Attr>
<Attr Nom="DateCreation">29/11/ 1999</Attr>
<Attr Nom="ResponsableCreation">MIGV3</Attr>
<Attr Nom="StructCreation">1</Attr>
<Attr Nom="DateDerniereValidation">12/07/ 2013</Attr>
<Attr Nom="ResponsableDerniereValidation">SERRES CATHERINE</Attr>
<Attr Nom="StructPremiereValidation">1</Attr>
<Attr Nom="DatePremiereValidation">29/11/ 1999</Attr>
<Attr Nom="ResponsablePremiereValidation">MIGV3</Attr>
<Attr Nom="StructDerniereValidation">82</Attr>
<Attr Nom="NumSource" Rep="1">OPC 100365700</Attr>
<Attr Nom="NumSource" Rep="2">OPP 13908156</Attr>
<Attr Nom="NumSource" Rep="3">OPP 16305376</Attr>
</record>
